
@InCollection{bgan,
  author = 	 {R. Hjelm and A. Jacob and T. Che and K. Cho and Y. Bengio},
  title = 	 {Boundary-seeking generative adversarial networks},
  booktitle = 	 {preprint arXiv:1702.08431},
  OPTcrossref =  {},
  OPTkey = 	 {},
  OPTpublisher = {},
  OPTyear = 	 {},
  OPTeditor = 	 {},
  OPTvolume = 	 {},
  OPTnumber = 	 {},
  OPTseries = 	 {},
  OPTtype = 	 {},
  OPTchapter = 	 {},
  OPTpages = 	 {},
  OPTedition = 	 {},
  OPTmonth = 	 {},
  OPTaddress = 	 {},
  OPTnote = 	 {},
  OPTannote = 	 {}
}

@article{Ganchev2010,
 author = {Ganchev, Kuzman and Gra\c{c}a, Jo\~{a}o and Gillenwater, Jennifer and Taskar, Ben},
 title = {Posterior Regularization for Structured Latent Variable Models},
 journal = {J. Mach. Learn. Res.},
 issue_date = {3/1/2010},
 volume = {11},
 month = aug,
 year = {2010},
 issn = {1532-4435},
 pages = {2001--2049},
 numpages = {49},
 url = {http://dl.acm.org/citation.cfm?id=1756006.1859918},
 acmid = {1859918},
 publisher = {JMLR.org},
} 


@inproceedings{logicdeep,
  added-at = {2016-08-15T00:00:00.000+0200},
  author = {Hu, Zhiting and Ma, Xuezhe and Liu, Zhengzhong and Hovy, Eduard H. and Xing, Eric P.},
  biburl = {https://www.bibsonomy.org/bibtex/289a8d211fa2cb13ac93c1df441bc094e/dblp},
  booktitle = {ACL (1)},
  crossref = {conf/acl/2016-1},
  ee = {http://aclweb.org/anthology/P/P16/P16-1228.pdf},
  interhash = {e15e1612ee4625d82a4ae30bc271c2df},
  intrahash = {89a8d211fa2cb13ac93c1df441bc094e},
  isbn = {978-1-945626-00-5},
  keywords = {dblp},
  publisher = {The Association for Computer Linguistics},
  timestamp = {2016-08-17T11:37:17.000+0200},
  title = {Harnessing Deep Neural Networks with Logic Rules.},
  url = {http://dblp.uni-trier.de/db/conf/acl/acl2016-1.html#HuMLHX16},
  year = 2016
}
