@book{euclid,
    Author = {Euclid},
    Title = {The Thirteen Books of the Elements Translated By Sir Thomas Heath 3 
    Vols.},
    Publisher = {Dove Publishing},
    Year = {2000},
    ISBN = {0486600882},
    URL = 
    {
    https://www.amazon.com/Thirteen-Books-Elements-Translated-Thomas/dp/B00942VECS? 
    SubscriptionId=0JYN1NVW651KCA56C102&tag=techkie-20&linkCode=xm2&camp=2025&creat 
    ive=165953&creativeASIN=B00942VECS}
}

@book{hero,
    title={Heronis Alexandrini Opera qvae svpersvnt omnia ...},
    author={Schmidt, W., and Nix, L. L. M., and L{\=u}q{\=a}, Q., and Sch{\"o}ne, H., and 
    Heiberg, J. L.},
    lccn={15013159},
    series={Bibliotheca scriptorum Graecorum et Romanorum Teubneriana},
    url={https://books.google.it/books?id=fNc2AAAAMAAJ},
    year={1900},
    publisher={in aedibus B. G. Teubneri}
}

@article{cauchy,
    title = {M\'{e}thode g\'{e}n\'{e}rale pour la r\'{e}solution des 
    syst\`{e}mes d'\'{e}quations simultan\'{e}es},
    author = {Cauchy, A.-L.},
    day = {18},
    journal = {Comptes rendus de L'Acad\'{e}mie des Sciences},
    month = oct,
    number = {25},
    pages = {536--538},
    volume = {S\'{e}rie A},
    year = {1847}
}

@article{bats,
    author="Gandomi, A. H., and Yang, X.-S., and Alavi, A. H., and Talatahari, 
    S.",
    title="Bat algorithm for constrained optimization tasks",
    journal="Neural Computing and Applications",
    year="2013",
    month="May",
    day="01",
    volume="22",
    number="6",
    pages="1239--1255",
    issn="1433-3058",
    doi="10.1007/s00521-012-1028-9",
    url="https://doi.org/10.1007/s00521-012-1028-9"
}

@article{bees,
    title={A powerful and efficient algorithm for numerical function 
    optimization: artificial bee colony (ABC) algorithm},
    author={Karaboga, D., and Basturk, B.},
    journal={Journal of global optimization},
    volume={39},
    number={3},
    pages={459--471},
    year={2007},
    publisher={Springer}
}

@incollection{ants,
    title={Ant colony optimization},
    author={Dorigo, M., and Birattari, M.},
    booktitle={Encyclopedia of machine learning},
    pages={36-39},
    year={2011},
    publisher={Springer}
}

@article{group_hunting,
    title = "A novel meta-heuristic optimization algorithm inspired by group 
    hunting of animals: Hunting search",
    journal = "Computers \& Mathematics with Applications",
    volume = "60",
    number = "7",
    pages = "2087 - 2098",
    year = "2010",
    issn = "0898-1221",
    doi = "https://doi.org/10.1016/j.camwa.2010.07.049",
    url = "http://www.sciencedirect.com/science/article/pii/S0898122110005419",
    author = "R. Oftadeh and M. J. Mahjoob and M. Shariatpanahi",
    keywords = "Meta-heuristic algorithm, Continuous optimization problems, 
    Group hunting"
}

@article{888,
    author    = {Schmidhuber, J.},
    title     = {Deep Learning in Neural Networks: An Overview},
    journal   = {CoRR},
    volume    = {abs/1404.7828},
    year      = {2014},
    url       = {http://arxiv.org/abs/1404.7828},
    archivePrefix = {arXiv},
    eprint    = {1404.7828},
    timestamp = {Wed, 07 Jun 2017 14:40:13 +0200},
    biburl    = {https://dblp.org/rec/bib/journals/corr/Schmidhuber14},
    bibsource = {dblp computer science bibliography, https://dblp.org}
}

@article{machine_intelligence,
    author    = {Legg, S., and
                Hutter, M.},
    title     = {Universal Intelligence: {A} Definition of Machine Intelligence},
    journal   = {CoRR},
    volume    = {abs/0712.3329},
    year      = {2007},
    url       = {http://arxiv.org/abs/0712.3329},
    archivePrefix = {arXiv},
    eprint    = {0712.3329},
    timestamp = {Wed, 07 Jun 2017 14:42:51 +0200},
    biburl    = {http://dblp.org/rec/bib/journals/corr/abs-0712-3329},
    bibsource = {dblp computer science bibliography, http://dblp.org}
}

@inproceedings{steps_towards_AI,
    author = {Minsky, M.},
    title = {Steps toward artificial intelligence},
    booktitle = {Computers and Thought},
    year = {1961},
    pages = {406--450},
    publisher = {McGraw-Hill}
}

@book{golden_braid,
    Author = {Hofstadter, D. R.},
    Title = {GÃ¶del, Escher, Bach: An Eternal Golden Braid},
    Publisher = {Basic Books},
    Year = {1999},
    ISBN = {0465026567},
    URL = {https://www.amazon.com/G%C3%B6del-Escher-Bach-Eternal-Golden/dp/0465026567?SubscriptionId=0JYN1NVW651KCA56C102&tag=techkie-20&linkCode=xm2&camp=2025&creative=165953&creativeASIN=0465026567}
}

@book{mitchell,
    Author = {Mitchell, T. M.},
    Title = {Machine Learning},
    Publisher = {McGraw-Hill Education},
    Year = {1997},
    ISBN = {0070428077},
    URL = {https://www.amazon.com/Machine-Learning-Tom-M-Mitchell/dp/0070428077?SubscriptionId=0JYN1NVW651KCA56C102&tag=techkie-20&linkCode=xm2&camp=2025&creative=165953&creativeASIN=0070428077}
}

@incollection{alan,
    title={Computing machinery and intelligence},
    author={Turing, A. M.},
    booktitle={Parsing the Turing Test},
    pages={23--65},
    year={2009},
    publisher={Springer}
}

@book{bishop,
    Author = {Bishop, C. M.},
    Title = {Pattern Recognition and Machine Learning (Information Science and Statistics)},
    Publisher = {Springer},
    Year = {2011},
    ISBN = {0387310738},
    URL = {https://www.amazon.com/Pattern-Recognition-Learning-Information-Statistics/dp/0387310738?SubscriptionId=0JYN1NVW651KCA56C102&tag=techkie-20&linkCode=xm2&camp=2025&creative=165953&creativeASIN=0387310738}
}

@article{nfl,
    author = {Wolpert, D. H.},
    title = {The Lack of a Priori Distinctions Between Learning Algorithms},
    journal = {Neural Comput.},
    issue_date = {October 1, 1996},
    volume = {8},
    number = {7},
    month = oct,
    year = {1996},
    issn = {0899-7667},
    pages = {1341--1390},
    numpages = {50},
    url = {http://dx.doi.org/10.1162/neco.1996.8.7.1341},
    doi = {10.1162/neco.1996.8.7.1341},
    acmid = {1362128},
    publisher = {MIT Press},
    address = {Cambridge, MA, USA},
}

@inproceedings{disc_vs_gen,
    author    = {Ng, A. Y.-T., and
                Jordan, M. I.},
    title     = {On Discriminative vs. Generative Classifiers: {A} comparison of logistic
                regression and naive Bayes},
    booktitle = {Advances in Neural Information Processing Systems 14 [Neural Information
                Processing Systems: Natural and Synthetic, {NIPS} 2001, December 3-8,
                2001, Vancouver, British Columbia, Canada]},
    pages     = {841--848},
    year      = {2001},
    crossref  = {DBLP:conf/nips/2001},
    url       = {http://papers.nips.cc/paper/2020-on-discriminative-vs-generative-classifiers-a-comparison-of-logistic-regression-and-naive-bayes},
    timestamp = {Thu, 11 Dec 2014 17:34:08 +0100},
    biburl    = {https://dblp.org/rec/bib/conf/nips/NgJ01},
    bibsource = {dblp computer science bibliography, https://dblp.org}
}

@article{slvm_pr,
    author    = {Ganchev, K., and
                Gra{\c{c}}a, J., and
                Gillenwater, J., and
                Taskar, B.},
    title     = {Posterior Regularization for Structured Latent Variable Models},
    journal   = {Journal of Machine Learning Research},
    volume    = {11},
    pages     = {2001--2049},
    year      = {2010},
    url       = {http://portal.acm.org/citation.cfm?id=1859918},
    timestamp = {Fri, 01 Apr 2011 14:32:52 +0200},
    biburl    = {https://dblp.org/rec/bib/journals/jmlr/GanchevGGT10},
    bibsource = {dblp computer science bibliography, https://dblp.org}
}

@article{bayesian_pr,
    author    = {Zhu, J., and
                Chen, N., and
                Xing, E. P.},
    title     = {Bayesian inference with posterior regularization and applications
                to infinite latent SVMs},
    journal   = {Journal of Machine Learning Research},
    volume    = {15},
    number    = {1},
    pages     = {1799--1847},
    year      = {2014},
    url       = {http://dl.acm.org/citation.cfm?id=2638592},
    timestamp = {Tue, 09 Jan 2018 16:55:16 +0100},
    biburl    = {https://dblp.org/rec/bib/journals/jmlr/ZhuCX14},
    bibsource = {dblp computer science bibliography, https://dblp.org}
}

@inproceedings{exp_learn,
    author    = {Liang, P., and
                Jordan, M. I., and
                Klein, D.},
    title     = {Learning from measurements in exponential families},
    booktitle = {Proceedings of the 26th Annual International Conference on Machine
                Learning, {ICML} 2009, Montreal, Quebec, Canada, June 14-18, 2009},
    pages     = {641--648},
    year      = {2009},
    crossref  = {DBLP:conf/icml/2009},
    url       = {http://doi.acm.org/10.1145/1553374.1553457},
    doi       = {10.1145/1553374.1553457},
    timestamp = {Mon, 29 Sep 2014 17:13:49 +0200},
    biburl    = {https://dblp.org/rec/bib/conf/icml/LiangJK09},
    bibsource = {dblp computer science bibliography, https://dblp.org}
}


@article{harnessing,
    author    = {Hu, Z., and
                Ma, X., and
                Liu, Z., and
                Hovy, E. H., and
                Xing, E. P.},
    title     = {Harnessing Deep Neural Networks with Logic Rules},
    journal   = {CoRR},
    volume    = {abs/1603.06318},
    year      = {2016},
    url       = {http://arxiv.org/abs/1603.06318},
    archivePrefix = {arXiv},
    eprint    = {1603.06318},
    timestamp = {Wed, 07 Jun 2017 14:42:52 +0200},
    biburl    = {https://dblp.org/rec/bib/journals/corr/HuMLHX16},
    bibsource = {dblp computer science bibliography, https://dblp.org}
}

@article{markov,
    author    = {Summerville, A., and
                Snodgrass, S., and
                Guzdial, M., and
                Holmg{\aa}rd, C., and
                Hoover, A. K., and
                Isaksen, A., and
                Nealen, A., and
                Togelius, J.},
    title     = {Procedural Content Generation via Machine Learning {(PCGML)}},
    journal   = {CoRR},
    volume    = {abs/1702.00539},
    year      = {2017},
    url       = {http://arxiv.org/abs/1702.00539},
    archivePrefix = {arXiv},
    eprint    = {1702.00539},
    timestamp = {Wed, 07 Jun 2017 14:40:53 +0200},
    biburl    = {https://dblp.org/rec/bib/journals/corr/SummervilleSGHH17},
    bibsource = {dblp computer science bibliography, https://dblp.org}
}

@article{evaluation,
    author = {{Theis}, L. and {van den Oord}, A. and {Bethge}, M.},
    title = "{A note on the evaluation of generative models}",
    journal = {ArXiv e-prints},
    archivePrefix = "arXiv",
    eprint = {1511.01844},
    primaryClass = "stat.ML",
    keywords = {Statistics - Machine Learning, Computer Science - Learning},
    year = 2015,
    month = nov,
    adsurl = {http://adsabs.harvard.edu/abs/2015arXiv151101844T},
    adsnote = {Provided by the SAO/NASA Astrophysics Data System}
}


@inbook{human_evaluators,
    title = "Deep generative image models using a laplacian pyramid of adversarial networks",
    author = "Denton, E., and Chintala, S., and Szlam, A., and Fergus, R.",
    year = "2015",
    volume = "2015-January",
    pages = "1486--1494",
    booktitle = "Advances in Neural Information Processing Systems",
    publisher = "Neural information processing systems foundation",
}

@article{tensorflow,
    author    = {Abadi, M., and
                Agarwal, A., and
                Barham, P., and
                Brevdo, E., and
                Chen, Z., and
                Citro, C., and
                Corrado, G. S., and
                Davis, A., and
                Dean, J., and
                Devin, M., and
                Ghemawat, S., and
                Goodfellow, I. J., and
                Harp, A., and
                Irving, G., and
                Isard, M., and
                Jia, Y., and
                J{\'{o}}zefowicz, R., and
                Kaiser, L., and
                Kudlur, M., and
                Levenberg, J., and
                Man{\'{e}}, D., and
                Monga, R., and
                Moore, S., and
                Murray, D. G., and
                Olah, C., and
                Schuster, M., and
                Shlens, J., and
                Steiner, B., and
                Sutskever, I., and
                Talwar, K., and
                Tucker, P. A., and
                Vanhoucke, V., and
                Vasudevan, V., and
                Vi{\'{e}}gas, F. B., and
                Vinyals, O., and
                Warden, P., and
                Wattenberg, M., and
                Wicke, M., and
                Yu, Y., and
                Zheng, X.},
    title     = {TensorFlow: Large-Scale Machine Learning on Heterogeneous Distributed
                Systems},
    journal   = {CoRR},
    volume    = {abs/1603.04467},
    year      = {2016},
    url       = {http://arxiv.org/abs/1603.04467},
    archivePrefix = {arXiv},
    eprint    = {1603.04467},
    timestamp = {Wed, 07 Jun 2017 14:40:20 +0200},
    biburl    = {https://dblp.org/rec/bib/journals/corr/AbadiABBCCCDDDG16},
    bibsource = {dblp computer science bibliography, https://dblp.org}
}

@inproceedings{numba,
    author = {Lam, S. K., and Pitrou, A., and Seibert, S.},
    title = {Numba: A LLVM-based Python JIT Compiler},
    booktitle = {Proceedings of the Second Workshop on the LLVM Compiler Infrastructure in HPC},
    series = {LLVM '15},
    year = {2015},
    isbn = {978-1-4503-4005-2},
    location = {Austin, Texas},
    pages = {7:1--7:6},
    articleno = {7},
    numpages = {6},
    url = {http://doi.acm.org/10.1145/2833157.2833162},
    doi = {10.1145/2833157.2833162},
    acmid = {2833162},
    publisher = {ACM},
    address = {New York, NY, USA}
} 


@book{hadamard1908memoire,
    title={M{\'e}moire sur le probl{\`e}me d'analyse relatif {\`a} l'{\'e}quilibre des plaques {\'e}lastiques encastr{\'e}es},
    author={Hadamard, J.},
    series={M{\'e}moires pr{\'e}sent{\'e}s par divers savants {\`a} l'Acad{\'e}mie des sciences de l'Institut de France: {\'E}xtrait},
    url={http://books.google.com.au/books?id=BTEPAAAAIAAJ},
    year={1908},
    publisher={Imprimerie nationale}
}

@Book{Euler:1744,
    author =       "Euler, L.",
    title =        "Methodus inveniendi",
    year =         "1744"
}

@mastersthesis{Linnainmaa:1970,
    title = "The representation of the cumulative rounding error of an algorithm as a {Taylor} expansion of the local rounding errors",
    author = "Linnainmaa, S.",
    year = "1970",
    school = "Univ. Helsinki"
}

@article{Linnainmaa:1976,
    year={1976},
    journal={BIT Numerical Mathematics},
    volume={16},
    number={2},
    title={Taylor expansion of the accumulated rounding error},
    publisher={Kluwer Academic Publishers},
    author={Linnainmaa, S.},
    pages={146-160},
    language={English}
}



@article{inpainting,
    author    = {Yeh, R. A., and
                Chen, C., and
                Lim, T.-Y., and
                Hasegawa{-}Johnson, M., and
                Do, M. N.},
    title     = {Semantic Image Inpainting with Perceptual and Contextual Losses},
    journal   = {CoRR},
    volume    = {abs/1607.07539},
    year      = {2016},
    url       = {http://arxiv.org/abs/1607.07539},
    archivePrefix = {arXiv},
    eprint    = {1607.07539},
    timestamp = {Tue, 14 Nov 2017 09:47:40 +0100},
    biburl    = {https://dblp.org/rec/bib/journals/corr/YehCLHD16},
    bibsource = {dblp computer science bibliography, https://dblp.org}
}

@article{igan,
    author    = {Zhu, J.-Y. and
                Kr{\"{a}}henb{\"{u}}hl, P., and
                Shechtman, E., and
                Efros, A. A.},
    title     = {Generative Visual Manipulation on the Natural Image Manifold},
    journal   = {CoRR},
    volume    = {abs/1609.03552},
    year      = {2016},
    url       = {http://arxiv.org/abs/1609.03552},
    archivePrefix = {arXiv},
    eprint    = {1609.03552},
    timestamp = {Wed, 07 Jun 2017 14:42:20 +0200},
    biburl    = {https://dblp.org/rec/bib/journals/corr/ZhuKSE16},
    bibsource = {dblp computer science bibliography, https://dblp.org}
}

@article{growing_gans,
    author    = {Karras, T., and
                Aila, T., and
                Laine, S., and
                Lehtinen, J.},
    title     = {Progressive Growing of GANs for Improved Quality, Stability, and Variation},
    journal   = {CoRR},
    volume    = {abs/1710.10196},
    year      = {2017},
    url       = {http://arxiv.org/abs/1710.10196},
    archivePrefix = {arXiv},
    eprint    = {1710.10196},
    timestamp = {Thu, 02 Nov 2017 14:25:36 +0100},
    biburl    = {https://dblp.org/rec/bib/journals/corr/abs-1710-10196},
    bibsource = {dblp computer science bibliography, https://dblp.org}
}

@article{super_gans,
    title={Photo-realistic single image super-resolution using a generative adversarial network},
    author={Ledig, C., and 
			Theis, L., and 
			Husz{\'a}r, F., and 
			Caballero, J., and 
			Cunningham, A., and 
			Acosta, A., and 
			Aitken, A., and 
			Tejani, A., and 
			Totz, J., and 
			Wang, Z., and 
			others},
    journal={arXiv preprint},
    year={2016}
}

@inproceedings{controlled_interaction,
    author = {Li, W., and Gauci, M., and Gross, R.},
    title = {A Coevolutionary Approach to Learn Animal Behavior Through Controlled Interaction},
    booktitle = {Proceedings of the 15th Annual Conference on Genetic and Evolutionary Computation},
    series = {GECCO '13},
    year = {2013},
    isbn = {978-1-4503-1963-8},
    location = {Amsterdam, The Netherlands},
    pages = {223--230},
    numpages = {8},
    url = {http://doi.acm.org/10.1145/2463372.2465801},
    doi = {10.1145/2463372.2465801},
    acmid = {2465801},
    publisher = {ACM},
    address = {New York, NY, USA},
    keywords = {animal behavior, artificial life, coevolution, evolutionary robotics, interaction, science automation, turing test}
}

@article{factorial_codes,
    author = {Schmidhuber, J.},
    editor = {Sejnowski, Terrence},
    journal = {Neural Computation},
    year = {1992},
    issn = {0899-7667},
    volume = {4},
    number = {6},
    pages = {863--879},
    issue_date = {Nov. 1992},
    publisher = {MIT Press},
    address = {Cambridge, MA, USA}
}

@article{furniture,
    author = {Merrell, P., and Schkufza, E., and Li, Z., and Agrawala, M., and Koltun, V.},
    title = {Interactive Furniture Layout Using Interior Design Guidelines},
    journal = {ACM Trans. Graph.},
    issue_date = {July 2011},
    volume = {30},
    number = {4},
    month = jul,
    year = {2011},
    issn = {0730-0301},
    pages = {87:1--87:10},
    articleno = {87},
    numpages = {10},
    url = {http://doi.acm.org/10.1145/2010324.1964982},
    doi = {10.1145/2010324.1964982},
    acmid = {1964982},
    publisher = {ACM},
    address = {New York, NY, USA},
    keywords = {furniture arrangement, interaction, interior design, layout interfaces}
}

@article{adam,
    author    = {Kingma, D. P., and Ba, J.},
    title     = {Adam: {A} Method for Stochastic Optimization},
    journal   = {CoRR},
    volume    = {abs/1412.6980},
    year      = {2014},
    url       = {http://arxiv.org/abs/1412.6980},
    archivePrefix = {arXiv},
    eprint    = {1412.6980},
    timestamp = {Wed, 07 Jun 2017 14:40:52 +0200},
    biburl    = {https://dblp.org/rec/bib/journals/corr/KingmaB14},
    bibsource = {dblp computer science bibliography, https://dblp.org}
}

@article{batch_norm,
  author    = {Ioffe, S., and Szegedy, C.},
  title     = {Batch Normalization: Accelerating Deep Network Training by Reducing
               Internal Covariate Shift},
  journal   = {CoRR},
  volume    = {abs/1502.03167},
  year      = {2015},
  url       = {http://arxiv.org/abs/1502.03167},
  archivePrefix = {arXiv},
  eprint    = {1502.03167},
  timestamp = {Wed, 07 Jun 2017 14:40:49 +0200},
  biburl    = {https://dblp.org/rec/bib/journals/corr/IoffeS15},
  bibsource = {dblp computer science bibliography, https://dblp.org}
}

@article{handwritten_rnn,
  author    = {Graves, A.},
  title     = {Generating Sequences With Recurrent Neural Networks},
  journal   = {CoRR},
  volume    = {abs/1308.0850},
  year      = {2013},
  url       = {http://arxiv.org/abs/1308.0850},
  archivePrefix = {arXiv},
  eprint    = {1308.0850},
  timestamp = {Wed, 07 Jun 2017 14:40:15 +0200},
  biburl    = {https://dblp.org/rec/bib/journals/corr/Graves13},
  bibsource = {dblp computer science bibliography, https://dblp.org}
}

@book{The_DL_book,
    title={Deep Learning},
    author={Goodfellow, I., and Bengio Y., and Courville A.},
    publisher={MIT Press},
    year={2016}
}
